@INPROCEEDINGS{ihc2019,
	title = "Do Android App Users Care about Accessibility? An Analysis of User Reviews on the Google Play Store",
	booktitle={Proceedings of the 18th Brazilian Symposium on Human Factors in Computing Systems (IHC ’19)}, 
	year = "2019",
	doi = "https://doi.org/10.1145/3357155.3358477",
	author = "Eler, Marcelo Medeiros and Orlandin, Leandro and Oliveira, Alberto Dumont Alves",
	keywords = "Mobile application, user review, accessibility, evolution"
}

@article{scherropti4apps,
	title = "An Automated Feedback-based Approach to Support Mobile App Development",
	booktitle={2017 43rd Euromicro Conference on Software Engineering and Advanced Applications (SEAA)}, 
	pages = "44 - 51",
	year = "2017",
	doi = "https://doi.org/10.1109/SEAA.2017.45",
	author = "Simon André Scherr and Frank Elberzhager and Konstantin Holl",
	keywords = "Mobile communication, Data mining, Mobile handsets, Distributed databases, Quality assurance, Mobile applications, Software"
}

@INPROCEEDINGS{Palomba2015userreviews, 
	author={F. {Palomba} and M. {Linares-Vásquez} and G. {Bavota} and R. {Oliveto} and M. {Di Penta} and D. {Poshyvanyk} and A. {De Lucia}}, 
	booktitle={2015 IEEE International Conference on Software Maintenance and Evolution (ICSME)}, 
	title={User reviews matter! Tracking crowdsourced reviews to support evolution of successful apps}, 
	year={2015}, 
	volume={}, 
	number={}, 
	pages={291-300}, 
	keywords={mobile computing;recommender systems;source code (software);user review;crowdsourced review tracking;mobile apps;app stores;Android apps;CRISTAL;informative crowd review tracing;source code change;crowd request;user reaction;ratings;specialized recommendation systems;Monitoring;Androids;Humanoid robots;Entropy;Planning;Joining processes;Feature extraction}, 
	doi={10.1109/ICSM.2015.7332475}, 
	ISSN={}, 
	month={Sep.},}

@article{Palompa2018crowdsourcing,
	title = "Crowdsourcing user reviews to support the evolution of mobile apps",
	journal = "Journal of Systems and Software",
	volume = "137",
	pages = "143 - 162",
	year = "2018",
	issn = "0164-1212",
	doi = "https://doi.org/10.1016/j.jss.2017.11.043",
	url = "http://www.sciencedirect.com/science/article/pii/S0164121217302807",
	author = "Fabio Palomba and Mario Linares-Vásquez and Gabriele Bavota and Rocco Oliveto and Massimiliano Di Penta and Denys Poshyvanyk and Andrea De Lucia",
	keywords = "Mobile app evolution, User reviews, Mining app stores, Empirical study",
}

@inproceedings{Li2018MobileAE,
	title={Mobile App Evolution Analysis Based on User Reviews},
	author={Xiaozhou Li and Zheying Zhang and Kostas Stefanidis},
	booktitle={SoMeT},
	year={2018}
}

@inproceedings{Quispe2018accessibility,
	author = {Quispe, Fiamma Eva Mendoza and Eler, Marcelo Medeiros},
	title = {Accessibility Recommendations for Mobile Applications: A Contribution to the Brazilian Digital Government Standards},
	booktitle = {Proceedings of the XIV Brazilian Symposium on Information Systems},
	series = {SBSI'18},
	year = {2018},
	isbn = {978-1-4503-6559-8},
	location = {Caxias do Sul, Brazil},
	pages = {67:1--67:8},
	articleno = {67},
	numpages = {8},
	url = {http://doi.acm.org/10.1145/3229345.3229415},
	doi = {10.1145/3229345.3229415},
	acmid = {3229415},
	publisher = {ACM},
	address = {New York, NY, USA},
	keywords = {Accessibility, E-government, Mobile application, e-MAG},
} 

@article{Yan2019currentstatus,
	author = {Yan, Shunguo and Ramachandran, P. G.},
	title = {The Current Status of Accessibility in Mobile Apps},
	journal = {ACM Trans. Access. Comput.},
	issue_date = {February 2019},
	volume = {12},
	number = {1},
	month = feb,
	year = {2019},
	issn = {1936-7228},
	pages = {3:1--3:31},
	articleno = {3},
	numpages = {31},
	url = {http://doi.acm.org/10.1145/3300176}
	doi = {10.1145/3300176},
	acmid = {3300176},
	publisher = {ACM},
	address = {New York, NY, USA},
	keywords = {Mobile, accessibility, accessibility evaluation, disability, graphical user interface (GUI), mobile apps, usability},
} 

@INPROCEEDINGS{Eler2018mate, 
	author={M. M. {Eler} and J. M. {Rojas} and Y. {Ge} and G. {Fraser}}, 
	booktitle={2018 IEEE 11th International Conference on Software Testing, Verification and Validation (ICST)}, 
	title={Automated Accessibility Testing of Mobile Apps}, 
	year={2018}, 
	volume={}, 
	number={}, 
	pages={116-126}, 
	keywords={mobile computing;program diagnostics;program testing;smart phones;user interfaces;test suite;mobile apps;Mobile Accessibility Testing;accessibility testing frameworks;static analysis;MATE tool;automated test generation;accessibility checking frameworks;static checking;user interface widgets;accessibility properties;Testing;Tools;Androids;Humanoid robots;Google;Guidelines;Smart phones;accessibility;test generation;automated testing;software testing;mobile apps}, 
	doi={10.1109/ICST.2018.00021}, 
	ISSN={}, 
	month={April},}

@inproceedings{Silva2018survey,
	author = {Silva, Camila and Eler, Marcelo Medeiros and Fraser, Gordon},
	title = {A Survey on the Tool Support for the Automatic Evaluation of Mobile Accessibility},
	booktitle = {Proceedings of the 8th International Conference on Software Development and Technologies for Enhancing Accessibility and Fighting Info-exclusion},
	series = {DSAI 2018},
	year = {2018},
	isbn = {978-1-4503-6467-6},
	location = {Thessaloniki, Greece},
	pages = {286--293},
	numpages = {8},
	url = {http://doi.acm.org/10.1145/3218585.3218673},
	doi = {10.1145/3218585.3218673},
	acmid = {3218673},
	publisher = {ACM},
	address = {New York, NY, USA},
	keywords = {Accessibility, Automated test, Mobile applications, Software Testing, Tool support},
} 


@INPROCEEDINGS{Oliveira2017strategies, 
	author={A. D. A. {Oliveira} and M. M. {Eler}}, 
	booktitle={2017 IEEE 41st Annual Computer Software and Applications Conference (COMPSAC)}, 
	title={Strategies and Challenges on the Accessibility and Interoperability of e-Government Web Portals: A Case Study on Brazilian Federal Universities}, 
	year={2017}, 
	volume={1}, 
	number={}, 
	pages={737-742}, 
	keywords={government data processing;Internet;portals;Web sites;e-government web portals;Brazilian Federal Universities;federal government;Brazilian e-government;Brazilian education sector;e-government standards;specific development methods;Brazilian Digital Government scenario;governments;accessibility;interoperability;Portals;Interoperability;Electronic government;Guidelines;W3C;digital government;e-government;web standards;accessibility;interoperability;Brazil}, 
	doi={10.1109/COMPSAC.2017.222}, 
	ISSN={0730-3157}, 
	month={July},}

@article{Serra2015accessibility,
	title = "Accessibility Evaluation of E-Government Mobile Applications in Brazil",
	journal = "Procedia Computer Science",
	volume = "67",
	pages = "348 - 357",
	year = "2015",
	note = "Proceedings of the 6th International Conference on Software Development and Technologies for Enhancing Accessibility and Fighting Info-exclusion",
	issn = "1877-0509",
	doi = "https://doi.org/10.1016/j.procs.2015.09.279",
	url = "http://www.sciencedirect.com/science/article/pii/S1877050915031257",
	author = "Leandro Coelho Serra and Lucas Pedroso Carvalho and Lucas Pereira Ferreira and Jorge Belimar Silva Vaz and André Pimenta Freire",
	keywords = "Mobile applications, Accessibility, e-government, m-government",
}

@inproceedings{Carvalho2016accessible,
	author = {Carvalho, Lucas Pedroso and Peruzza, Bruno Piovesan Melchiori and Santos, Fl\'{a}via and Ferreira, Lucas Pereira and Freire, Andr{\'e} Pimenta},
	title = {Accessible Smart Cities?: Inspecting the Accessibility of Brazilian Municipalities' Mobile Applications},
	booktitle = {Proceedings of the 15th Brazilian Symposium on Human Factors in Computer Systems},
	series = {IHC '16},
	year = {2016},
	isbn = {978-1-4503-5235-2},
	location = {S\ão Paulo, Brazil},
	pages = {17:1--17:10},
	articleno = {17},
	numpages = {10},
	url = {http://doi.acm.org/10.1145/3033701.3033718},
	doi = {10.1145/3033701.3033718},
	acmid = {3033718},
	publisher = {ACM},
	address = {New York, NY, USA},
	keywords = {Accessibility evaluation, Mobile accessibility, Smart Cities},
} 

@INPROCEEDINGS{Iacob2013retrieving, 
	author={C. {Iacob} and R. {Harrison}}, 
	booktitle={2013 10th Working Conference on Mining Software Repositories (MSR)}, 
	title={Retrieving and analyzing mobile apps feature requests from online reviews}, 
	year={2013}, 
	volume={}, 
	number={}, 
	pages={41-44}, 
	keywords={computational linguistics;information retrieval;Internet;mobile computing;natural language processing;latent Dirichlet allocation;linguistic rules;mobile app review analyzer;MARA design;mobile app reviews;online reviews;mobile apps feature request analysis;mobile apps feature request retrieval;Feature extraction;Mobile communication;Prototypes;Pragmatics;Context;Measurement;Resource management;Online reviews;mobile apps;feature requests}, 
	doi={10.1109/MSR.2013.6624001}, 
	ISSN={2160-1860}, 
	month={May},}

@InProceedings{Iacob2014online,
	author="Iacob, Claudia
	and Harrison, Rachel
	and Faily, Shamal",
	editor="Memmi, G{\'e}rard
	and Blanke, Ulf",
	title="Online Reviews as First Class Artifacts in Mobile App Development",
	booktitle="Mobile Computing, Applications, and Services",
	year="2014",
	publisher="Springer International Publishing",
	address="Cham",
	pages="47--53",
	isbn="978-3-319-05452-0"
}

@INPROCEEDINGS{Pagano2013userfeedback, 
	author={D. {Pagano} and W. {Maalej}}, 
	booktitle={2013 21st IEEE International Requirements Engineering Conference (RE)}, 
	title={User feedback in the appstore: An empirical study}, 
	year={2013}, 
	volume={}, 
	number={}, 
	pages={125-134}, 
	keywords={formal verification;human factors;Internet;systems analysis;application distribution platforms;Google Play;Apple AppStore;feedback content;user community;positive messages;negative feedback;software teams;requirements engineering teams;Communities;Software;Catalogs;Social network services;Games;Google;Navigation;user needs;user feedback;mobile requirements}, 
	doi={10.1109/RE.2013.6636712}, 
	ISSN={1090-705X}, 
	month={July},}

@INPROCEEDINGS{Ciurumelea2017analyzing, 
	author={A. {Ciurumelea} and A. {Schaufelbühl} and S. {Panichella} and H. C. {Gall}}, 
	booktitle={2017 IEEE 24th International Conference on Software Analysis, Evolution and Reengineering (SANER)}, 
	title={Analyzing reviews and code of mobile apps for better release planning}, 
	year={2017}, 
	volume={}, 
	number={}, 
	pages={91-102}, 
	doi={10.1109/SANER.2017.7884612}, 
	ISSN={}, 
	month={Feb},}

@article{Mcilroy2016analyzing,
	author = {Mcilroy, Stuart and Ali, Nasir and Khalid, Hammad and E. Hassan, Ahmed},
	title = {Analyzing and Automatically Labelling the Types of User Issues That Are Raised in Mobile App Reviews},
	journal = {Empirical Softw. Engg.},
	issue_date = {June      2016},
	volume = {21},
	number = {3},
	month = jun,
	year = {2016},
	issn = {1382-3256},
	pages = {1067--1106},
	numpages = {40},
	url = {http://dx.doi.org/10.1007/s10664-015-9375-7},
	doi = {10.1007/s10664-015-9375-7},
	acmid = {2938020},
	publisher = {Kluwer Academic Publishers},
	address = {Hingham, MA, USA},
	keywords = {Anomaly detection, Mobile apps, Multi-labelling, Reviews},
} 

@inproceedings{Fu2013whypeoplehate,
	author = {Fu, Bin and Lin, Jialiu and Li, Lei and Faloutsos, Christos and Hong, Jason and Sadeh, Norman},
	title = {Why People Hate Your App: Making Sense of User Feedback in a Mobile App Store},
	booktitle = {Proceedings of the 19th ACM SIGKDD International Conference on Knowledge Discovery and Data Mining},
	series = {KDD '13},
	year = {2013},
	isbn = {978-1-4503-2174-7},
	location = {Chicago, Illinois, USA},
	pages = {1276--1284},
	numpages = {9},
	url = {http://doi.acm.org/10.1145/2487575.2488202},
	doi = {10.1145/2487575.2488202},
	acmid = {2488202},
	publisher = {ACM},
	address = {New York, NY, USA},
	keywords = {mobile app market, sentiment analysis, text mining, topic model, user rating and comments},
} 

@inproceedings{Freire2008survey,
	author = {Freire, Andre P. and Russo, Cibele M. and Fortes, Renata P. M.},
	title = {A Survey on the Accessibility Awareness of People Involved in Web Development Projects in Brazil},
	booktitle = {Proceedings of the 2008 International Cross-disciplinary Conference on Web Accessibility (W4A)},
	series = {W4A '08},
	year = {2008},
	isbn = {978-1-60558-153-8},
	location = {Beijing, China},
	pages = {87--96},
	numpages = {10},
	url = {http://doi.acm.org/10.1145/1368044.1368064},
	doi = {10.1145/1368044.1368064},
	acmid = {1368064},
	publisher = {ACM},
	address = {New York, NY, USA},
	keywords = {developers, perception, survey, web accessibility},
} 

@INPROCEEDINGS{Panichella2015how, 
	author={S. {Panichella} and A. {Di Sorbo} and E. {Guzman} and C. A. {Visaggio} and G. {Canfora} and H. C. {Gall}}, 
	booktitle={2015 IEEE International Conference on Software Maintenance and Evolution (ICSME)}, 
	title={How can i improve my app? Classifying user reviews for software maintenance and evolution}, 
	year={2015}, 
	volume={}, 
	number={}, 
	pages={281-290}, 
	doi={10.1109/ICSM.2015.7332474}, 
	ISSN={}, 
	month={Sep.},}

@INPROCEEDINGS{Pelloni2018becloma, 
	author={L. {Pelloni} and G. {Grano} and A. {Ciurumelea} and S. {Panichella} and F. {Palomba} and H. C. {Gall}}, 
	booktitle={2018 IEEE 25th International Conference on Software Analysis, Evolution and Reengineering (SANER)}, 
	title={BECLoMA: Augmenting stack traces with user review information}, 
	year={2018}, 
	volume={}, 
	number={}, 
	pages={522-526}, 
	keywords={mobile computing;program debugging;smart phones;user review information;mobile devices;mobile market;testing process;contextual information;testing purposes;user feedback;mobile apps;BECLOMA links information;testing tools;augmented testing report;user reviews information;stack trace augmentation;Tools;Testing;Computer bugs;Crawlers;Google;Androids;Automated Software Testing;Mobile Applications;User Reviews Analysis}, 
	doi={10.1109/SANER.2018.8330252}, 
	ISSN={}, 
	month={March},}

@phdthesis{Ortega2015thesis,
	title    = {Mining User Reviews from Mobile Applications for Software Evolution},
	school   = {Technical University of Munich},
	author   = {Adriana Emitza Guzman Ortega},
	year     = {2015}, 
}

@masterthesis{camilamaster,
	title    = {Um estudo sobre a automação de testes de acessibilidade em dispositivos móveis: uma análise de recomendações para deciência visual da BBC},
	school   = {Universidade Estadual de São Paulo},
	author   = {Silva, Camila},
	year     = {2020}, }

@masterthesis{rochestertamjeed,
	title    = {Accessibility in User Reviews for Mobile Apps: An Automated Detection Approach},
	school   = {Rochester Institute of Technology},
	author   = {Tamjeed, Murtaza},
	year     = {2020}, }

@masterthesis{victormaster,
	title    = {Um estudo sobre o conhecimento em acessibilidade digital entre desenvolvedores de aplicações móveis no Brasil},
	school   = {Universidade Estadual de São Paulo},
	author   = {Leite, Manoel},
	year     = {2020}, }


@periodico{santarosa,
	author={Lucila Maria Costi Santarosa}, 
	booktitle={Revista Educação Especial}, 
	title={Inclusão digital: espaço possível para pessoas com necessidades educativas especiais}, 
	year={2002}, 
	number={20}, 
	pages={13-30}, 
	doi={10.5902/1984686X}, 
	ISSN={1984-686X}, 
}

@article{passerino,
	author = {Liliana Maria Passerino, Sandra Portella Montardo},
	title = {Inclusão social via acessibilidade digital: proposta de inclusão digital para Pessoas com Necessidades Especiais},
	month = apr,
	year = {2007},
	numpages = {18},
	url = {https://doi.org/10.30962/ec.144}
	doi = {10.30962/ec.144},
	keywords = {digital inclusion, digital accessibility, social inclusion, the disabled, technologies of information and communication},
} 

@INPROCEEDINGS{Sorbo2017surf, 
	author={A. {Di Sorbo} and S. {Panichella} and C. V. {Alexandru} and C. A. {Visaggio} and G. {Canfora}}, 
	booktitle={2017 IEEE/ACM 39th International Conference on Software Engineering Companion (ICSE-C)}, 
	title={SURF: Summarizer of User Reviews Feedback}, 
	year={2017}, 
	volume={}, 
	number={}, 
	pages={55-58}, 
	doi={10.1109/ICSE-C.2017.5}, 
	ISSN={}, 
	month={May},}

@online{wcag,
	author = {W3C},
	title = {Web Content Accessibility Guidelines (WCAG) 2.1},
	year = 2018,
	url = {https://www.w3.org/TR/WCAG21/},
	urldate = {2019-05-23}
}

@online{material,
	author = {Google},
	title = {Material Design},
	year = 2014,
	url = {https://material.io/design/},
	urldate = {2019-05-23}
}

@online{emag,
	author = {Brazilian Federal Government},
	title = {eMAG - Modelo de Acessibilidade em Governo Eletrônico},
	year = 2014,
	url = {http://emag.governoeletronico.gov.br/},
	urldate = {2019-05-23}
}

@online{bbc,
	author = {BBC},
	title = {The BBC Standards and Guidelines for Mobile Accessibility},
	year = 2017,
	url = {https://www.bbc.co.uk/guidelines/futuremedia/accessibility/mobile},
	urldate = {2019-05-23}
}

@online{bbchomepage,
	author = {BBC},
	title = {BBC - Homepage},
	year = 2020,
	url = {https://www.bbc.com/},
	urldate = {2020-03-04}
}

@online{w3cwai,
	author = {W3C},
	title = {Accessibility Fundamentals – Introduction to Web Accessibility},
	year = 2018,
	url = {https://www.w3.org/standards/webdesign/accessibility},
	urldate = {2020-03-17}
}

@online{manifestoagil,
	author = {Ward Cunningham},
	title = {Manifesto for Agile Software Development},
	year = 2001,
	url = {https://agilemanifesto.org/},
	urldate = {2020-03-23}
}

@online{wai,
	author = {W3C},
	title = {Making the Web Accessible},
	year = 2020,
	url = {https://www.w3.org/WAI/},
	urldate = {2020-03-17}
}

@article{storeanalysis,
	author 		= {William Martin and Federica Sarro and Yue Jia and Yuanyuan Zhang and Mark Harman},
	title 		= {A survey of app store analysis for software engineering},
	journal 	= {IEEE Transactions on Software Engineering},
	publisher   = {IEEE},
	volume 		= {43},
	number 		= {9},
	pages 		= {817-847},
	year 		= {2017},
	doi         = {10.1109/TSE.2016.2630689},
}

@INPROCEEDINGS{smartcities,
	title = "Accessible Smart Cities? Inspecting the Accessibility of Brazilian Municipalities",
	booktitle={Proceedings of the 15th Brazilian Symposium on Human Factors in Computer Systems (IHC ’16)}, 
	year = "2016",
	doi = "https://doi.org/10.1145/3033701.3033718",
	author = "Lucas Pedroso Carvalho and Bruno Piovesan Melchiori Peruzza and Flávia Santos and Lucas Pereira Ferreira and André Pimenta Freire",
}


@article{nayebi,
	title = "Release Practices for Mobile Apps – What do Users and Developers Think?",
	booktitle={2016 IEEE 23rd International Conference on Software Analysis, Evolution, and Reengineering (SANER)}, 
	volume={1},
	pages = "552 - 562",
	year = "2016",
	doi = "https://doi.org/10.1109/SANER.2016.116",
	author = "M. Nayebi and B. Adams and G. Ruhe",
}

@book{shanley,
	author    = {Cloin Shanley},
	title     = {Cracking Accessibility on Mobile Devices: The definitive field guide to accessibility and digital inclusion for business managers and project teams},
	edition   = {1},
	page	  = {258},
	publisher = {RS Books},
	year      = {2016}
}

@article{meloihc2004,
	title = "Avaliação de acessibilidade na Web com a participação do usuário: um estudo de caso",
	booktitle={2004 IHC 2004 SIMPÓSIO SOBRE FATORES HUMANOS EM SISTEMAS COMPUTACIONAIS}, 
	pages = "181 - 184",
	year = "2004",
	author = "Amanda Meincke Melo and M. Cecília C. Baranauskas and Fabiana Fator Gouvêa Bonilha",
	keywords = {Inclusão na Universidade, Acessibilidade na Web,
	Avaliação com o Usuário},
}






@article{teste1,
author 		= {Nina Amenta and Sunghee Choi and Tamal K. Dey and N. Leekha},
title 		= {A Simple Algorithm for Homeomorphic Surface Reconstruction},
journal 	= {International Journal of Computational Geometry and Applications},
publisher = {World Scientific Publishing Co.},
volume 		= {12},
number 		= {1-2},
pages 		= {125-141},
year 			= {2002},
}

@article{teste2,
author 		= {Nina Amenta and Sunghee Choi and Tamal K. Dey and N. Leekha},
title 		= {A Simple Algorithm for Homeomorphic Surface Reconstruction},
journal 	= {International Journal of Computational Geometry and Applications},
publisher = {World Scientific Publishing Co.},
volume 		= {12},
number 		= {1-2},
pages 		= {125-141},
year 			= {2002},
}

@article{teste3,
author 		= {Nina Amenta and Sunghee Choi and Tamal K. Dey and N. Leekha},
title 		= {A Simple Algorithm for Homeomorphic Surface Reconstruction},
journal 	= {International Journal of Computational Geometry and Applications},
publisher = {World Scientific Publishing Co.},
volume 		= {12},
number 		= {1-2},
pages 		= {125-141},
year 			= {2002},
}

@article{temp1,
author 		= {},
title 		= {},
journal 	= {},
publisher = {},
volume 		= {},
number 		= {},
pages 		= {},
year 			= {},
}

@book{temp2,
author    = {},
title     = {},
edition   = {},
publisher = {},
year      = {}
}

@InBook{temp3,
author 		= {},
title 		= {},
booktitle	= {},
publisher	= {},
year 			= {},
chapter 	= {},
pages 		= {}
}

@inproceedings{temp4,
author    = {},
title     = {},
editor    = {},
booktitle = {},
publisher = {},
year      = {},
pages     = {}
}

@phdthesis{temp6,
author 		= {f},
title  		= {},
school 		= {},
year   		= {}
}

@mastersthesis{temp7,
author 		= {},
title  		= {},
school 		= {},
year   		= {}
}

@TechReport{temp8,
author 		= {},
title 		= {},
year 			= {}
}

@misc{temp9,
author 		= {},
title 		= {},
year 			= {},
url 			= {} 
}
